
@book{braun_differential_1983,
	address = {New York, {NY}},
	title = {Differential Equation Models},
	isbn = {9781461254270 1461254272},
	url = {http://dx.doi.org/10.1007/978-1-4612-5427-0},
	language = {English},
	urldate = {2013-09-30},
	publisher = {Springer New York},
	author = {Braun, Martin and Coleman, Courtney S and Drew, Donald A},
	year = {1983}
},

@book{fulford_modelling_1997,
	title = {Modelling with Differential and Difference Equations},
	isbn = {9780521446181},
	abstract = {Any student wishing to solve problems via mathematical modelling will find that this book provides an excellent introduction to the subject.},
	language = {en},
	publisher = {Cambridge University Press},
	author = {Fulford, Glenn},
	month = jun,
	year = {1997},
	keywords = {Mathematics / Applied, Mathematics / General, Mathematics / Logic, Science / General}
}